
@article{warehouse1,
 author = {Cui, Y. and Widom, J.},
 title = {Lineage Tracing for General Data Warehouse Transformations},
 journal = {The VLDB Journal},
 issue_date = {May 2003},
 volume = {12},
 number = {1},
 month = may,
 year = {2003},
 issn = {1066-8888},
 pages = {41--58},
 numpages = {18},
 url = {http://dx.doi.org/10.1007/s00778-002-0083-8},
 doi = {10.1007/s00778-002-0083-8},
 acmid = {775456},
 publisher = {Springer-Verlag New York, Inc.},
 address = {Secaucus, NJ, USA},
 keywords = {Data lineage, Data warehouse, Inverse, Lineage tracing, Transformation},
} 

@article{warehouse2,
 author = {Cui, Yingwei and Widom, Jennifer and Wiener, Janet L.},
 title = {Tracing the Lineage of View Data in a Warehousing Environment},
 journal = {ACM Trans. Database Syst.},
 issue_date = {June 2000},
 volume = {25},
 number = {2},
 month = jun,
 year = {2000},
 issn = {0362-5915},
 pages = {179--227},
 numpages = {49},
 url = {http://doi.acm.org/10.1145/357775.357777},
 doi = {10.1145/357775.357777},
 acmid = {357777},
 publisher = {ACM},
 address = {New York, NY, USA},
 keywords = {data warehouse, derviation, lineage, materialized views},
}

@inproceedings{warehouse3,
 author = {Moro, Gianluca and Sartori, Claudio},
 title = {Incremental Maintenance of Multi-source Views},
 booktitle = {Proceedings of the 12th Australasian Database Conference},
 series = {ADC '01},
 year = {2001},
 isbn = {0-7695-0966-5},
 location = {Gold Coast, Queensland, Australia},
 pages = {13--20},
 numpages = {8},
 url = {http://dl.acm.org/citation.cfm?id=545538.545539},
 acmid = {545539},
 publisher = {IEEE Computer Society},
 address = {Washington, DC, USA},
} 

@inproceedings{warehouse4,
 author = {Ding, Lingli and Zhang, Xin and Rundensteiner, Elke A.},
 title = {The MRE Wrapper Approach: Enabling Incremental View Maintenance of Data Warehouses Defined on Multi-relation Information Sources},
 booktitle = {Proceedings of the 2Nd ACM International Workshop on Data Warehousing and OLAP},
 series = {DOLAP '99},
 year = {1999},
 isbn = {1-58113-220-4},
 location = {Kansas City, Missouri, USA},
 pages = {30--35},
 numpages = {6},
 url = {http://doi.acm.org/10.1145/319757.319784},
 doi = {10.1145/319757.319784},
 acmid = {319784},
 publisher = {ACM},
 address = {New York, NY, USA},
} 






@article{multi_query1,
 author = {Kementsietsidis, Anastasios and Neven, Frank and Van de Craen, Dieter and Vansummeren, Stijn},
 title = {Scalable Multi-query Optimization for Exploratory Queries over Federated Scientific Databases},
 journal = {Proc. VLDB Endow.},
 issue_date = {August 2008},
 volume = {1},
 number = {1},
 month = aug,
 year = {2008},
 issn = {2150-8097},
 pages = {16--27},
 numpages = {12},
 url = {http://dx.doi.org/10.14778/1453856.1453864},
 doi = {10.14778/1453856.1453864},
 acmid = {1453864},
 publisher = {VLDB Endowment},
} 

@inproceedings{multi_query2,
 author = {Dalvi, Nilesh N. and Sanghai, Sumit K. and Roy, Prasan and Sudarshan, S.},
 title = {Pipelining in Multi-query Optimization},
 booktitle = {Proceedings of the Twentieth ACM SIGMOD-SIGACT-SIGART Symposium on Principles of Database Systems},
 series = {PODS '01},
 year = {2001},
 isbn = {1-58113-361-8},
 location = {Santa Barbara, California, USA},
 pages = {59--70},
 numpages = {12},
 url = {http://doi.acm.org/10.1145/375551.375561},
 doi = {10.1145/375551.375561},
 acmid = {375561},
 publisher = {ACM},
 address = {New York, NY, USA},
} 

@inproceedings{multi_query3,
 author = {Assefa, Andinet and Getahun, Fekade},
 title = {Multi-query Optimization for Semantic News Feed Query},
 booktitle = {Proceedings of the International Conference on Management of Emergent Digital EcoSystems},
 series = {MEDES '12},
 year = {2012},
 isbn = {978-1-4503-1755-9},
 location = {Addis Ababa, Ethiopia},
 pages = {150--157},
 numpages = {8},
 url = {http://doi.acm.org/10.1145/2457276.2457303},
 doi = {10.1145/2457276.2457303},
 acmid = {2457303},
 publisher = {ACM},
 address = {New York, NY, USA},
 keywords = {MQE chain generator, NAT, SNF query, window relationship, windows similarity measure},
}

@inproceedings{multi_query4,
 author = {Graefe, Goetz and McKenna, William J.},
 title = {The Volcano Optimizer Generator: Extensibility and Efficient Search},
 booktitle = {Proceedings of the Ninth International Conference on Data Engineering},
 year = {1993},
 isbn = {0-8186-3570-3},
 pages = {209--218},
 numpages = {10},
 url = {http://dl.acm.org/citation.cfm?id=645478.757691},
 acmid = {757691},
 publisher = {IEEE Computer Society},
 address = {Washington, DC, USA},
} 


@inproceedings{multi_query5,
 author = {Roy, Prasan and Seshadri, S. and Sudarshan, S. and Bhobe, Siddhesh},
 title = {Efficient and Extensible Algorithms for Multi Query Optimization},
 booktitle = {Proceedings of the 2000 ACM SIGMOD International Conference on Management of Data},
 series = {SIGMOD '00},
 year = {2000},
 isbn = {1-58113-217-4},
 location = {Dallas, Texas, USA},
 pages = {249--260},
 numpages = {12},
 url = {http://doi.acm.org/10.1145/342009.335419},
 doi = {10.1145/342009.335419},
 acmid = {335419},
 publisher = {ACM},
 address = {New York, NY, USA},
} 





@inproceedings{view_selection1,
 author = {Mistry, Hoshi and Roy, Prasan and Sudarshan, S. and Ramamritham, Krithi},
 title = {Materialized View Selection and Maintenance Using Multi-query Optimization},
 booktitle = {Proceedings of the 2001 ACM SIGMOD International Conference on Management of Data},
 series = {SIGMOD '01},
 year = {2001},
 isbn = {1-58113-332-4},
 location = {Santa Barbara, California, USA},
 pages = {307--318},
 numpages = {12},
 url = {http://doi.acm.org/10.1145/375663.375703},
 doi = {10.1145/375663.375703},
 acmid = {375703},
 publisher = {ACM},
 address = {New York, NY, USA},
}

@inproceedings{view_selection2,
 author = {Theodoratos, Dimitri and Xu, Wugang},
 title = {Constructing Search Spaces for Materialized View Selection},
 booktitle = {Proceedings of the 7th ACM International Workshop on Data Warehousing and OLAP},
 series = {DOLAP '04},
 year = {2004},
 isbn = {1-58113-977-2},
 location = {Washington, DC, USA},
 pages = {112--121},
 numpages = {10},
 url = {http://doi.acm.org/10.1145/1031763.1031783},
 doi = {10.1145/1031763.1031783},
 acmid = {1031783},
 publisher = {ACM},
 address = {New York, NY, USA},
 keywords = {common subexpression, data warehouse and repository design, materialized view, query, query graph, query rewriting},
}




@article{map_reduce1,
 author = {Nykiel, Tomasz and Potamias, Michalis and Mishra, Chaitanya and Kollios, George and Koudas, Nick},
 title = {MRShare: Sharing Across Multiple Queries in MapReduce},
 journal = {Proc. VLDB Endow.},
 issue_date = {September 2010},
 volume = {3},
 number = {1-2},
 month = sep,
 year = {2010},
 issn = {2150-8097},
 pages = {494--505},
 numpages = {12},
 url = {http://dx.doi.org/10.14778/1920841.1920906},
 doi = {10.14778/1920841.1920906},
 acmid = {1920906},
 publisher = {VLDB Endowment},
}

@article{map_reduce2,
 author = {Vemuri, Srinivas and Varshney, Maneesh and Puttaswamy, Krishna and Liu, Rui},
 title = {Execution Primitives for Scalable Joins and Aggregations in Map Reduce},
 journal = {Proc. VLDB Endow.},
 issue_date = {August 2014},
 volume = {7},
 number = {13},
 month = aug,
 year = {2014},
 issn = {2150-8097},
 pages = {1462--1473},
 numpages = {12},
 url = {http://dx.doi.org/10.14778/2733004.2733018},
 doi = {10.14778/2733004.2733018},
 acmid = {2733018},
 publisher = {VLDB Endowment},
}


@article{map_reduce3,
 author = {Wang, Guoping and Chan, Chee-Yong},
 title = {Multi-query Optimization in MapReduce Framework},
 journal = {Proc. VLDB Endow.},
 issue_date = {November 2013},
 volume = {7},
 number = {3},
 month = nov,
 year = {2013},
 issn = {2150-8097},
 pages = {145--156},
 numpages = {12},
 url = {http://dx.doi.org/10.14778/2732232.2732234},
 doi = {10.14778/2732232.2732234},
 acmid = {2732234},
 publisher = {VLDB Endowment},
}

@inproceedings{map_reduce4,
 author = {Afrati, Foto N. and Ullman, Jeffrey D.},
 title = {Optimizing Joins in a Map-reduce Environment},
 booktitle = {Proceedings of the 13th International Conference on Extending Database Technology},
 series = {EDBT '10},
 year = {2010},
 isbn = {978-1-60558-945-9},
 location = {Lausanne, Switzerland},
 pages = {99--110},
 numpages = {12},
 url = {http://doi.acm.org/10.1145/1739041.1739056},
 doi = {10.1145/1739041.1739056},
 acmid = {1739056},
 publisher = {ACM},
 address = {New York, NY, USA},
}  






@inproceedings{multi_view1,
 author = {Broecheler, Matthias and Pugliese, Andrea and Subrahmanian, V.S.},
 title = {Efficient Multi-view Maintenance in the Social Semantic Web},
 booktitle = {Proceedings of the 21st International Conference on World Wide Web},
 series = {WWW '12 Companion},
 year = {2012},
 isbn = {978-1-4503-1230-1},
 location = {Lyon, France},
 pages = {467--468},
 numpages = {2},
 url = {http://doi.acm.org/10.1145/2187980.2188080},
 doi = {10.1145/2187980.2188080},
 acmid = {2188080},
 publisher = {ACM},
 address = {New York, NY, USA},
 keywords = {RDF, graph database, view maintenance},
} 

@article{kv_store1,
 author = {Chang, Fay and Dean, Jeffrey and Ghemawat, Sanjay and Hsieh, Wilson C. and Wallach, Deborah A. and Burrows, Mike and Chandra, Tushar and Fikes, Andrew and Gruber, Robert E.},
 title = {Bigtable: A Distributed Storage System for Structured Data},
 journal = {ACM Trans. Comput. Syst.},
 issue_date = {June 2008},
 volume = {26},
 number = {2},
 month = jun,
 year = {2008},
 issn = {0734-2071},
 pages = {4:1--4:26},
 articleno = {4},
 numpages = {26},
 url = {http://doi.acm.org/10.1145/1365815.1365816},
 doi = {10.1145/1365815.1365816},
 acmid = {1365816},
 publisher = {ACM},
 address = {New York, NY, USA},
 keywords = {Large-Scale Distributed Storage},
}

@article{kv_store2,
 author = {DeCandia, Giuseppe and Hastorun, Deniz and Jampani, Madan and Kakulapati, Gunavardhan and Lakshman, Avinash and Pilchin, Alex and Sivasubramanian, Swaminathan and Vosshall, Peter and Vogels, Werner},
 title = {Dynamo: Amazon's Highly Available Key-value Store},
 journal = {SIGOPS Oper. Syst. Rev.},
 issue_date = {December 2007},
 volume = {41},
 number = {6},
 month = oct,
 year = {2007},
 issn = {0163-5980},
 pages = {205--220},
 numpages = {16},
 url = {http://doi.acm.org/10.1145/1323293.1294281},
 doi = {10.1145/1323293.1294281},
 acmid = {1294281},
 publisher = {ACM},
 address = {New York, NY, USA},
 keywords = {performance, reliability, scalability},
} 

@article{kv_store3,
 author = {Cooper, Brian F. and Ramakrishnan, Raghu and Srivastava, Utkarsh and Silberstein, Adam and Bohannon, Philip and Jacobsen, Hans-Arno and Puz, Nick and Weaver, Daniel and Yerneni, Ramana},
 title = {PNUTS: Yahoo!'s Hosted Data Serving Platform},
 journal = {Proc. VLDB Endow.},
 issue_date = {August 2008},
 volume = {1},
 number = {2},
 month = aug,
 year = {2008},
 issn = {2150-8097},
 pages = {1277--1288},
 numpages = {12},
 url = {http://dx.doi.org/10.14778/1454159.1454167},
 doi = {10.14778/1454159.1454167},
 acmid = {1454167},
 publisher = {VLDB Endowment},
} 

@book{kv_store4,
 author = {Lars George},
 title = {{HBase: The Definitive Guide}},
 publisher = {O'Reilly Media, Inc.},
 year = {2011}	
}

@article{kv_store5,
 author = {Lakshman, Avinash and Malik, Prashant},
 title = {Cassandra: A Decentralized Structured Storage System},
 journal = {SIGOPS Oper. Syst. Rev.},
 issue_date = {April 2010},
 volume = {44},
 number = {2},
 month = apr,
 year = {2010},
 issn = {0163-5980},
 pages = {35--40},
 numpages = {6},
 url = {http://doi.acm.org/10.1145/1773912.1773922},
 doi = {10.1145/1773912.1773922},
 acmid = {1773922},
 publisher = {ACM},
 address = {New York, NY, USA},
} 

@online{adler_vms,
 author = {Adler, J. and Jergler, M. and Jacobsen, H.-A.},
 title = {Dynamic Scalable View Maintenance in KV-stores(extended)},
 howpublished = "\url{https://drive.google.com/file/d/0B_xaKQjmla0nbE93VDVHeEFUeTA/view}",
}
