@article{blakeley:efficiently,
 author = {Blakeley, J. and others},
 title = {{Efficiently Updating Materialized Views}},
 journal = {SIGMOD Rec.},
 year = {1986},

} 
	
@article{gupta:maintaining,
 author = {Gupta, A. and others},
 title = {{Maintaining Views Incrementally}},
 journal = {SIGMOD Rec.},
 year = {1993},
} 

@article{zhuge:view,
 author = {Zhuge, Y. and others},
 title = {{View Maintenance in a Warehousing Environment}},
 journal = {SIGMOD Rec.},
 year = {1995},

}	


@article{colby:algorithms,
 author = {Colby, L. and others},
 title = {{Algorithms for Deferred View Maintenance}},
 journal = {SIGMOD Rec.},
 year = {1996},

}
	
@article{agrawal:efficient,
 author = {Agrawal, D. and others},
 title = {{Efficient View Maintenance at Data Warehouses}},
 journal = {SIGMOD Rec.},
 year = {1997},
} 	

@inproceedings{wang:efficient,
 author = {Wang, H. and Orlowska, M.},
 title = {{Efficient Refreshment of Materialized Views with Multiple Sources}},
 series = {CIKM},
 year = {1999},
} 
	
@inproceedings{salem:how,
 author = {Salem, K. and others},
 title = {{How to Roll a Join: Asynchronous Incremental View Maintenance}},
 series = {SIGMOD},
 year = {2000},
} 	
	
@inproceedings{zhuge:strobe,
 author = {Zhuge, Y. and others},
 title = {{The Strobe Algorithms for Multi-source Warehouse Consistency}},
 series = {DIS},
 year = {1996},
} 	
	
@inproceedings{lee:efficient,
 author = {Lee, Ki{\ }Yong and others},
 title = {{Efficient Incremental View Maintenance in Data Warehouses}},
 series = {CIKM},
 year = {2001},
} 

@article{zhang:parallel,
 author = {X. Zhang and others},
 title = {{Parallel Multisource View Maintenance}},
 journal = {The VLDB Journal},
 year = {2004},
}

@article{chen:multiversion,
 author = {S. Chen and others},
 title = {{Multiversion-based View Maintenance over Distributed Data Sources}},
 journal = {ACM Trans. Database Syst.},
 year = {2004},
} 

@inproceedings{zhou:lazy,
 author = {J. Zhou and others},
 title = {{Lazy Maintenance of Materialized Views}},
 series = {VLDB},
 year = {2007},
} 

@inproceedings{agrawal:asynchronous,
 author = {Agrawal, P. and others},
 title = {{Asynchronous View Maintenance for VLSD Databases}},
 series = {SIGMOD},
 year = {2009},
}	

@article{jacobsen:viewmaintenance,
 author = {Jacobsen, H.-A. and Lee, Patric and Yerneni, Ramana},
 title = {{View Maintenance in Web Data Platforms}},
 journal = {Technical Report, University of Toronto},
 year = {2009}	
}	


@inproceedings{konishetty:implementation,
 author = {V. K. Konishetty and others},
 title = {{Implementation and Evaluation of Scalable Data Structure over HBase}},
 series = {ICACCI},
 year = {2012},
} 

@inproceedings{karger:webcaching,
 author = {D. Karger and others},
 title = {{Web Caching with Consistent Hashing}},
 series = {WWW},
 year = {1999},
} 	

@book{white:hadoop,
 author = {Tom White},
 title = {{Hadoop: The Definitive Guide}},
 publisher = {O'Reilly Media, Inc.},
 year = {2010}	
}
	
@book{george:hbase,
 author = {Lars George},
 title = {{HBase: The Definitive Guide}},
 publisher = {O'Reilly Media, Inc.},
 year = {2011}	
}

	
@book{hewitt:cassandra,
 author = {Hewitt, Eben},
 title = {{Cassandra: The Definitive Guide}},
 publisher = {O'Reilly Media, Inc.},
 year = {2010}	
}


@inproceedings{hunt:zookeeper,
 author = {Hunt, P. and others},
 title = {{ZooKeeper: Wait-free Coordination for Internet-scale Systems}},
 series = {USENIXATC},
 year = {2010},
}

@article{chang:bigtable,
 author = {Chang, F. and others},
 title = {{Bigtable: A Distributed Storage System for Structured Data}},
 journal = {ACM Trans. Comput. Syst.},
 year = {2008},

}

@article{cooper:pnuts,
 author = {Cooper, B.{\ }F. and others},
 title = {{PNUTS: Yahoo!'s Hosted Data Serving Platform}},
 journal = {Proc. VLDB Endow.},
 year = {2008},
} 

@inproceedings{decandia:dynamo,
 author = {DeCandia, G. and others},
 title = {{Dynamo: Amazon's Highly Available Key-value Store}},
 series = {SOSP},
 year = {2007},
} 

@article{barykin:scuba,
  author = {Barykin, O. and others},
  journal = {VLDB},
  title = {{Scuba: Diving into Data at Facebook}},
  year = {2013},
}

@inproceedings{borthakur:facebook,
  author = {Borthakur, D. and others},
  title = {{Apache Hadoop Goes Realtime at Facebook}},
  series = {SIGMOD},
  year = {2011},
}


@online{parikh:facebook,
 author = {Parikh, Jay},
 title = {{Data Infrastructure at Web Scale}},
 howpublished = "\url{http://www.vldb.org/2013/keynotes.html}",
}

@online{data:twitter,
 author = {Twitter{\ }Data},
 howpublished = "\url{https://twitter.com/TwitterData/status/486719761514889217/photo/1}",
}


@article{rabl:benchmark,
 author = {Rabl, Tilmann and others},
 title = {Solving Big Data Challenges for Enterprise Application Performance Management},
 year = {2012},
 publisher = {VLDB Endowment},
} 

@article{dean:mapreduce,
 author = {Dean, Jeffrey and others},
 title = {MapReduce: Simplified Data Processing on Large Clusters},
 journal = {Commun. ACM},
 year = {2008},
 publisher = {ACM},
} 

@inproceedings{zaharia:spark,
 author = {Zaharia, Matei and others},
 title = {Spark: Cluster Computing with Working Sets},
 publisher = {USENIX Association},
 address = {Berkeley, CA, USA},
} 

@article{thusoo:hive,
 author = {Thusoo, Ashish and others},
 title = {Hive: A Warehousing Solution over a Map-reduce Framework},
 journal = {Proc. VLDB Endow.},
 publisher = {VLDB Endowment},
} 


@online{phoenix:apache,
 author = {Apache{\ }Phoenix},
 howpublished = "\url{https://phoenix.apache.org/}"
}

@online{foundationdb,
 author = {FoundationDB},
 howpublished = "\url{https://en.wikipedia.org/wiki/FoundationDB}",
}

@online{JA-1,
 author = {Adler, J. and Jergler, M. and Jacobsen, H.-A.},
 title = {Dynamic Scalable View Maintenance in KV-stores(extended)},
 howpublished = "\url{https://drive.google.com/file/d/0B_xaKQjmla0nbE93VDVHeEFUeTA/view}",
}



@inproceedings{silberstein:feeding,
 author = {Silberstein, Adam and others},
 title = {Feeding Frenzy: Selectively Materializing Users' Event Feeds},
 series = {SIGMOD '10},
 publisher = {ACM},
} 


@inproceedings{jin:materialized,
 author = {Jin, Changjiu and others},
 title = {Materialized views for eventually consistent record stores},
 series = {ICDE Workshops '10},
 year = {2013},
 pages = {250-257},
 publisher = {IEEE Computer Society,},
}

@inproceedings{rabl:materialized,
 author = {Rabl, Tilmann and Jacobsen, H.-A.},
 title = {Materialized Views in Cassandra},
 booktitle = {Proceedings of 24th Annual International Conference on Computer Science and Software Engineering},
 series = {CASCON '14},
 year = {2014},
 pages = {351--354},
 publisher = {IBM Corp.},
} 

@inproceedings {kate:easy,
author = {Kate, Bryan and others},
title = {Easy Freshness with Pequod Cache Joins},
booktitle = {11th USENIX Symposium on Networked Systems Design and Implementation (NSDI 14)},
year = {2014},
pages = {415--428},
publisher = {USENIX Association},
}

@inproceedings{peng:percolator,
author  = {Peng, Daniel and Dabek, Frank},
title = {Large-scale Incremental Processing Using Distributed Transactions and Notifications},
year  = 2010,
booktitle = {Proceedings of the 9th USENIX Symposium on Operating Systems Design and Implementation}
}


@inproceedings{murray:naiad,
 author = {Murray, Derek and others},
 title = {Naiad: A Timely Dataflow System},
 series = {SOSP '13},
 year = {2013},
 pages = {439--455},
 publisher = {ACM},
} 

@inproceedings{kejriwal:slik,
 author = {Kejriwal, Ankita and others},
 title = {SLIK: Scalable Low Latency Indexes for a Key Value Store},
 series = {In Memory Database Management Workshop, VLDB},
 year = {2015},
 pages = {439--455},
 publisher = {ACM},
} 




